2564 4732
241 248 246 257 „
359 157 412 235 cl.
439 158 542 255 XIX.
592 157 841 259 Syngenesia.
997 100 1012 127 ΙΙ
1106 158 1154 235 15

45 346 185 413 liubin
208 346 385 434 subalpinis
409 344 588 412 nemorosis
609 340 648 407 ad
671 343 705 407 ll.
724 340 937 427 Tscharysch,
961 339 1078 427 Ulaita,
1097 342 1155 410 Je-

89 455 190 535 began
213 465 246 518 et
268 454 342 520 Jalb
362 457 420 542 (L.
445 456 517 534 Ba).
558 450 606 520 El.
628 450 693 519 lul.
719 455 768 520 ²t.

130 558 342 649 Descriptioni
372 565 410 626 cl.
442 561 605 646 Wydleri
636 578 735 645 pauca
768 567 863 636 sunt,
902 578 984 643 quae
1025 555 1153 628 addam.

44 664 183 731 Radix
203 669 365 756 perennis,
388 669 477 755 apice
498 666 649 731 foliorum
671 684 828 728 annorum
846 666 1155 752 praeteritorumru-

10 852 12 861 Ι
44 773 198 838 dimantis
228 775 499 841 numerosissimis
520 784 679 838 coronata.
724 769 868 836 Gauiis
892 770 1035 855 1-13.
1055 774 1156 841 rarius

10 884 12 923 ἶ
44 880 237 970 2-pedalr‘s,
260 882 562 962 sulcato-striatas,
585 879 629 943 1-
649 880 702 944 vel
724 878 929 960 multiflorus,
949 902 1062 946 sersus
1084 883 1154 971 api·

10 1034 12 1041 -
44 1012 116 1054 cem
138 992 210 1077 plus
231 991 338 1055 minus
363 989 515 1056 villosus:
545 988 626 1053 villo
647 984 785 1050 subinde
805 985 1012 1070 densissimo,
1034 990 1155 1072 longis·

10 1082 148 1179 inimo,
179 1095 297 1164 albido.
362 1096 487 1163 Folia
515 1094 552 1159 in
581 1093 808 1183 speciminibus
838 1094 1022 1163 multifloris
1040 1118 1154 1164 versus

10 1256 19 1301 Ι,
44 1206 146 1269 caulis
175 1186 266 1270 basin
296 1206 543 1292 approximans
581 1202 615 1266 in
644 1203 724 1266 uni·
745 1201 799 1264 vel
818 1202 1001 1291 paucissoris
1020 1204 1153 1289 rariora,
1239 1213 1249 1229 '

10 1306 13 1385 }
36 1292 268 1394 ¹maguitudino
288 1302 390 1393 varia,
412 1309 521 1378 3-10
542 1310 674 1398 pollices
696 1311 803 1391 longa,
823 1307 931 1376 4-11
952 1309 1054 1376 lineas
1074 1313 1152 1395 lam,

10 1398 16 1535 i
43 1420 241 1502 acuminata,
263 1421 333 1485 besl
354 1420 387 1483 in
410 1418 570 1508 petiolum
590 1414 759 1481 dilatatum
780 1417 1049 1504 amplexicsulem
1068 1430 1177 1511 utte-¹

10 1538 14 1579 ¹
43 1538 153 1608 nuato,
172 1527 318 1610 margine
339 1538 465 1613 praeter
484 1524 609 1612 apicem
628 1524 871 1606 integerrimum
890 1545 950 1611 per
964 1527 1153 1592 totamlon-

40 1634 222 1718 gitudinem
249 1632 397 1699 dentibus
424 1634 521 1714 longe
551 1629 714 1720 productis
751 1634 1024 1720 subpungentibus
1052 1633 1153 1699 modo

42 1762 192 1825 sursum,
222 1741 321 1807 modo
349 1740 502 1806 deorsum
528 1742 765 1826 spectantibus,
807 1740 905 1806 modo
927 1741 1045 1822 angulo
1066 1752 1153 1808 recto

39 1849 226 1937 patentibus
246 1848 478 1935 approximetis
498 1846 671 1927 instructs3
692 1851 860 1928 sacrarium
880 1848 1001 1910 sensim
1015 1850 1152 1930 minora,

39 1953 409 2034 villum-integerrima.
452 1952 601 2012 Flores
622 1970 693 2011 raro
714 1952 749 2010 in
771 1953 861 2033 apice
877 1954 976 2016 caulis
997 1956 1151 2041 soliterii3

37 2063 235 2149 plerumque
253 2061 364 2144 plures
385 2054 532 2132 (4-12)
552 2053 588 2117 in
609 2073 774 2117 recemum
795 2056 868 2141 plus
888 2057 998 2123 minus
1019 2062 1152 2146 elonga-
1214 2088 1220 2097 ·

40 2180 112 2232 tum
144 2163 309 2252 dispositi,
341 2158 476 2226 subinde
506 2180 619 2225 versus
646 2162 746 2225 caulis
767 2164 890 2249 apicem
911 2167 1063 2250 conserti,
1094 2191 1152 2259 pa·

42 2270 218 2338 dunculeti.
265 2266 517 2334 ·Pednnculi
545 2288 588 2332 sx
616 2268 714 2330 axilla
736 2270 887 2335 soliorum
908 2277 1149 2360 provenientes,

42 2508 107 2567 unp
130 2486 272 2551 alterove
293 2494 430 2564 angusto
452 2481 558 2547 obsiti.
602 2479 849 2548 Corollulaa
870 2506 890 2551 e
910 2488 1039 2555 sordide
1059 2492 1150 2559 rubi·

43 2591 146 2657 rundo
166 2592 202 2656 in
224 2591 407 2655 subfuscum
429 2599 609 2672 vergentes.
631 2589 855 2661 antherae
875 2595 1057 2680 plumbeae,
1079 2599 1151 2667 bani

42 2699 348 2765 bucnero-lanatae.
414 2694 747 2783 Receptaculum
786 2721 852 2763 non
890 2713 927 2764 ut
957 2703 993 2766 in
1014 2717 1157 2791 anma-¹

43 2794 263 2895 dents'specie
283 2803 386 2890 paleis
407 2804 570 2884 scuriensis,
614 2803 671 2867 sed
693 2806 820 2893 papillis
842 2809 1052 2893 cartilagineis
1073 2817 1150 2880 sub·

44 2914 196 2994 menonis,
222 2912 339 2991 luteis,
363 2912 509 2996 pluribus
530 2911 721 2999 plerumque
749 2911 790 2977 ad
812 2916 937 3002 apicem
957 2921 1027 2984 lars
1046 2928 1156 3010 usqua·

45 3020 165 3086 coalitis
181 3020 408 3109 obsitumque
421 3031 495 3084 nota
508 3021 629 3106 optime
644 3041 662 3082 a
680 3018 715 3084 S.
728 3042 923 3108 pygmaea
936 3023 1145 3108 dignoscitur.

274 3146 323 3213 .3.
366 3146 766 3247 Secessus-Fennovrn.
800 3174 840 3216 m.
862 3149 896 3232 l²)

47 3251 79 3330 b.
100 3251 274 3332 anthodii
298 3249 439 3335 foliolis
463 3259 928 3357 lanceolata-linearibus3
950 3260 1148 3343 exteriori·

88 3360 355 3475 bus'reflexisa
408 3382 652 3463 interioribus
677 3384 834 3483 patulis,
871 3385 1039 3466 eutherio
1063 3370 1147 3470 be'si

45 3538 439 3563 w

73 3626 103 3695 ⁸)
124 3624 278 3696 Sequentes
297 3627 402 3698 species
419 3645 434 3681 e
450 3627 534 3685 Flora
552 3587 682 3697 sibirlea,
706 3631 737 3709 ip
755 3631 868 3702 regione
885 3632 982 3690 alleles
999 3633 1146 3712 bucusque

106 3730 168 3770 nou
186 3714 365 3811 obserantes,
383 3719 417 3774 ad
439 3718 511 3776 banc
528 3722 682 3778 sectionem
696 3710 857 3797 pmtinents

394 3816 713 3893 sanscnsnnlnnsn.
742 3831 778 3893 rra.

47 3914 71 3986 S.
91 3918 238 3988 anthedii
268 3927 387 3991 foliolis
409 3931 615 4015 acuminatis3
659 3930 871 3997 interioribus
891 3914 1158 4021 angustioribuss

78 4030 221 4095 antheris
244 4034 311 4098 basi
333 4038 460 4118 bisetis3
504 4040 580 4105 setis
603 4041 731 4117 cuiauis,
760 4043 958 4127 receptaculo
979 4018 1154 4128 polemeus

77 4136 165 4203 loliis
186 4140 333 4223 oblongis
355 4146 409 4210 vel
429 4147 775 4233 oblongo-linearibus
795 4147 935 4217 dentau’s
951 4152 1067 4223 subtus
1082 4152 1155 4225 lac
